<?xml version="1.0" encoding="UTF-8"?><collection xmlns="http://www.loc.gov/MARC21/slim"><record><leader>00477nam--2200145-i-4500</leader><controlfield tag="001">000014626</controlfield><controlfield tag="002">20161230</controlfield><controlfield tag="005">20161230201030</controlfield><controlfield tag="008">060222s1000------------r-----000-0-eng-d</controlfield><datafield ind1=" " ind2=" " tag="080"><subfield code="a">537.222.22:621.384.633(047.3)</subfield></datafield><datafield ind1=" " ind2=" " tag="245"><subfield code="a">Cyclotron resonance in the conducting band of gap in very high magnetic fields</subfield></datafield><datafield ind1=" " ind2=" " tag="260"><subfield code="a">Tokyo, Institute For Solid State Physics, 1983 34p</subfield></datafield><datafield ind1=" " ind2=" " tag="490"><subfield code="a">Technical Report Of Issp Seria A</subfield></datafield><datafield ind1=" " ind2=" " tag="700"><subfield code="a">Miura, Noboru., Kido, Giyuu/S.A.</subfield></datafield><datafield ind1=" " ind2=" " tag="852"><subfield code="a">19409</subfield></datafield></record></collection>